%! Author = user
%! Date = 23/12/2024

